@article{jiang2016catching,
  title={Catching synchronized behaviors in large networks: a graph mining approach},
  author={Jiang, Meng and Cui, Peng and Beutel, Alex and Faloutsos, Christos and Yang, Shiqiang},
  journal={Knowledge Discovery from Data, ACM Transactions on},
  year={2016}
}
