@inproceedings{tao2018doc2cube,
  title={Doc2cube: Allocating documents to text cube without labeled data},
  author={Tao, Fangbo and Zhang, Chao and Chen, Xiusi and Jiang, Meng and Hanratty, Tim and Kaplan, Lance and Han, Jiawei},
  booktitle={2018 IEEE International Conference on Data Mining (ICDM)},
  pages={1260--1265},
  year={2018},
  organization={IEEE}
}