@inproceedings{yu2020identifying,
  title={Identifying referential intention with heterogeneous contexts},
  author={Yu, Wenhao and Yu, Mengxia and Zhao, Tong and Jiang, Meng},
  booktitle={Proceedings of The Web Conference 2020},
  pages={962--972},
  year={2020}
}