@article{salganik2006experimental,
  title={Experimental study of inequality and unpredictability in an artificial cultural market},
  author={Salganik, Matthew J and Dodds, Peter Sheridan and Watts, Duncan J},
  journal={science},
  volume={311},
  number={5762},
  pages={854--856},
  year={2006}
}

% Mining behavior network for prediction & recommendation with social contexts

@inproceedings{liu2010mining,
  title={Mining topic-level influence in heterogeneous networks},
  author={Liu, Lu and Tang, Jie and Han, Jiawei and \textbf{Jiang}, \textbf{Meng} and Yang, Shiqiang},
  booktitle={ACM CIKM},
  year={2010}
}

@article{liu2012mining,
  title={Mining diversity on social media networks},
  author={Liu, Lu and Zhu, Feida and \textbf{Jiang}, \textbf{Meng} and Han, Jiawei and Sun, Lifeng and Yang, Shiqiang},
  journal={MTA},
  year={2012}
}

@inproceedings{jiang2012socialcontextual,
  title={Social contextual recommendation},
  author={\textbf{Jiang}, \textbf{Meng} and Cui, Peng and Liu, Rui and Yang, Qiang and Wang, Fei and Zhu, Wenwu and Yang, Shiqiang},
  booktitle={ACM CIKM},
  year={2012}
}

@inproceedings{jiang2012socialrecommendation,
  title={Social recommendation across multiple relational domains},
  author={\textbf{Jiang}, \textbf{Meng} and Cui, Peng and Wang, Fei and Yang, Qiang and Zhu, Wenwu and Yang, Shiqiang},
  booktitle={ACM CIKM},
  year={2012}
}

@article{jiang2014scalable,
  title={Scalable recommendation with social contextual information},
  author={\textbf{Jiang}, \textbf{Meng} and Cui, Peng and Wang, Fei and Zhu, Wenwu and Yang, Shiqiang},
  journal={IEEE TKDE},
  year={2014}
}

@article{jiang2015social,
  title={Social recommendation with cross-domain transferable knowledge},
  author={\textbf{Jiang}, \textbf{Meng} and Cui, Peng and Chen, Xumin and Wang, Fei and Zhu, Wenwu and Yang, Shiqiang},
  journal={IEEE TKDE},
  year={2015}
}

@inproceedings{jiang2016little,
  title={Little is much: Bridging cross-platform behaviors through overlapped crowds},
  author={\textbf{Jiang}, \textbf{Meng} and Cui, Peng and Yuan, Nicholas Jing and Xie, Xing and Yang, Shiqiang},
  booktitle={AAAI},
  year={2016}
}

% Mining behavior network for fraud/spam detection with social contexts

@inproceedings{jiang2014inferring,
  title={Inferring strange behavior from connectivity pattern in social networks},
  author={\textbf{Jiang}, \textbf{Meng} and Cui, Peng and Beutel, Alex and Faloutsos, Christos and Yang, Shiqiang},
  booktitle={PAKDD},
  year={2014}
}

@inproceedings{jiang2014detecting,
  title={Detecting suspicious following behavior in multimillion-node social networks},
  author={\textbf{Jiang}, \textbf{Meng} and Cui, Peng and Beutel, Alex and Faloutsos, Christos and Yang, Shiqiang},
  booktitle={WWW (poster)},
  year={2014}
}

@inproceedings{jiang2014catchsync,
  title={CatchSync: Catching synchronized behavior in large directed graphs},
  author={\textbf{Jiang}, \textbf{Meng} and Cui, Peng and Beutel, Alex and Faloutsos, Christos and Yang, Shiqiang},
  booktitle={ACM SIGKDD (\textbf{best paper finalist})},
  year={2014}
}

@article{jiang2015inferring,
  title={Inferring lockstep behavior from connectivity pattern in large graphs},
  author={\textbf{Jiang}, \textbf{Meng} and Cui, Peng and Beutel, Alex and Faloutsos, Christos and Yang, Shiqiang},
  journal={KAIS},
  year={2015}
}

@article{jiang2016catchingsynchronized,
  title={Catching synchronized behaviors in large networks: A graph mining approach},
  author={\textbf{Jiang}, \textbf{Meng} and Cui, Peng and Beutel, Alex and Faloutsos, Christos and Yang, Shiqiang},
  journal={ACM TKDD},
  year={2016}
}

% Mining multidimensional behavior network for prediction & recommendation with spatiotemporal contexts

@inproceedings{jiang2014fema,
  title={FEMA: Flexible evolutionary multi-faceted analysis for dynamic behavioral pattern discovery},
  author={\textbf{Jiang}, \textbf{Meng} and Cui, Peng and Wang, Fei and Xu, Xinran and Zhu, Wenwu and Yang, Shiqiang},
  booktitle={ACM SIGKDD},
  year={2014}
}

@inproceedings{kuang2016steering,
  title={Steering social media promotions with effective strategies},
  author={Kuang, Kun and \textbf{Jiang}, \textbf{Meng} and Cui, Peng and Yang, Shiqiang},
  booktitle={IEEE ICDM},
  year={2016}
}

@inproceedings{jiang2016catchingsocial,
  title={Catching social media advertisers with strategy analysis},
  author={\textbf{Jiang}, \textbf{Meng}},
  booktitle={ACM CyberSafety},
  year={2016}
}

% Mining multidimensional behavior network for fraud/spam detection with spatiotemporal contexts

@inproceedings{jiang2015general,
  title={A general suspiciousness metric for dense blocks in multimodal data},
  author={\textbf{Jiang}, \textbf{Meng} and Beutel, Alex and Cui, Peng and Hooi, Bryan and Yang, Shiqiang and Faloutsos, Christos},
  booktitle={IEEE ICDM},
  year={2015}
}

@article{jiang2016spotting,
  title={Spotting suspicious behaviors in multimodal data: A general metric and algortihms},
  author={\textbf{Jiang}, \textbf{Meng} and Beutel, Alex and Cui, Peng and Hooi, Bryan and Yang, Shiqiang and Faloutsos, Christos},
  journal={IEEE TKDE},
  year={2016}
}

@article{jiang2016suspicious,
  title={Suspicious behavior detection: Current trends and future directions},
  author={\textbf{Jiang}, \textbf{Meng} and Cui, Peng and Christos, Faloutsos},
  journal={IEEE Intelligent Systems},
  year={2016}
}

% Structuring behavioral content into heterogeneous information network - attribute discovery

@article{gupta2014biperpedia,
  title={Biperpedia: An ontology for search applications},
  author={Gupta, Rahul and Halevy, Alon and Wang, Xuezhi and Whang, Steven Euijong and Wu, Fei},
  journal={VLDB},
  year={2014}
}

@inproceedings{liu2015mining,
  title={Mining quality phrases from massive text corpora},
  author={Liu, Jialu and Shang, Jingbo and Wang, Chi and Ren, Xiang and Han, Jiawei},
  booktitle={ACM SIGMOD},
  year={2015}
}

@inproceedings{ren2015clustype,
  title={Clustype: Effective entity recognition and typing by relation phrase-based clustering},
  author={Ren, Xiang and El-Kishky, Ahmed and Wang, Chi and Tao, Fangbo and Voss, Clare R and Han, Jiawei},
  booktitle={ACM SIGKDD},
  year={2015}
}

@inproceedings{jiang2016metapad,
  title={MetaPAD: Meta pattern-driven attribute discovery in massive text corpora},
  author={\textbf{Jiang}, \textbf{Meng} and Shang, Jingbo and Cassidy, Taylor and Kaplan, Lance and Hanratty, Timothy and Han, Jiawei},
  booktitle={ACM WSDM (in peer review)},
  year={2017}
}

% Integrating behavioral analysis with information network - bring phrases into summarizing behaviors

@inproceedings{jiang2016catchtartan,
  title={Catchtartan: Representing and summarizing dynamic multicontextual behaviors},
  author={\textbf{Jiang}, \textbf{Meng} and Faloutsos, Christos and Han, Jiawei},
  booktitle={ACM SIGKDD},
  year={2016}
}

@inproceedings{gui2016large,
  title={Large-scale embedding learning in heterogeneous event data},
  author={Gui, Huan and Liu, Jialu and Tao, Fangbo and \textbf{Jiang}, \textbf{Meng} and Norick, Brandon and Han, Jiawei},
  booktitle={IEEE ICDM},
  year={2016}
}

% Tutorials and book chapters

@article{jiang2016mining,
  title={Mining user behaviors in large social networks},
  author={\textbf{Jiang}, \textbf{Meng} and Cui, Peng},
  journal={Big Data in Complex and Social Networks},
  year={2016},
  publisher={Chapman and Hall/CRC Big Data Series}
}

@article{jiang2016behavior,
  title={Behavior modeling in social networks},
  author={\textbf{Jiang}, \textbf{Meng}},
  journal={Encyclopedia of Social Network Analysis and Mining},
  year={2016},
  publisher={Springer}
}

@article{jiang2015behavior,
  title={Behavior modeling in social networks: From micro to macro},
  author={\textbf{Jiang}, \textbf{Meng} and Cui, Peng},
  journal={IEEE ICDM (tutorial)},
  year={2015}
}

@article{jiang2016data,
  title={Data-driven behavioral analytics: Observations, representations and models},
  author={\textbf{Jiang}, \textbf{Meng} and Cui, Peng and Han, Jiawei},
  journal={ACM CIKM (tutorial)},
  year={2016}
}

