@inproceedings{zhao2018actionable,
  title={Actionable objective optimization for suspicious behavior detection on large bipartite graphs},
  author={Zhao, Tong and Malir, Matthew and Jiang, Meng},
  booktitle={2018 IEEE International Conference on Big Data (Big Data)},
  pages={1248--1257},
  year={2018},
  organization={IEEE}
}