@inproceedings{liu2010mining,
  title={Mining topic-level influence in heterogeneous networks},
  author={Liu, Lu and Tang, Jie and Han, Jiawei and Jiang, Meng and Yang, Shiqiang},
  booktitle={Proceedings of the 19th ACM international conference on Information and knowledge management},
  pages={199--208},
  year={2010},
  organization={ACM}
}