@inproceedings{zhao2018causaltriad,
  title={Causaltriad: toward pseudo causal relation discovery and hypotheses generation from medical text data},
  author={Zhao, Sendong and Jiang, Meng and Liu, Ming and Qin, Bing and Liu, Ting},
  booktitle={Proceedings of the 2018 ACM International Conference on Bioinformatics, Computational Biology, and Health Informatics},
  pages={184--193},
  year={2018}
}