@inproceedings{yu2020crossing,
  title={Crossing Variational Autoencoders for Answer Retrieval},
  author={Yu, Wenhao and Wu, Lingfei and Zeng, Qingkai and Deng, Yu and Tao, Shu and Jiang, Meng},
  booktitle={Proceedings of the 58th Annual Meeting of the Association for Computational Linguistics}, 
  pages={5635--5641},
  year={2020}
}