@article{jiang2016spotting,
  title={Spotting Suspicious Behaviors in Multimodal Data: A General Metric and Algortihms},
  author={Jiang, Meng and Beutel, Alex and Cui, Peng and Hooi, Bryan and Yang, Shiqiang and Faloutsos, Christos},
  journal={Knowledge and Data Engineering, IEEE Transactions on},
  volume={28},
  number={8},
  pages={2187--2200},
  year={2016},
  publisher={IEEE}
}
