@inproceedings{zhao2017contextcare,
  title={ContextCare: Incorporating Contextual Information Networks to Representation Learning on Medical Forum Data.},
  author={Zhao, Stan and Jiang, Meng and Yuan, Quan and Qin, Bing and Liu, Ting and Zhai, ChengXiang},
  booktitle={IJCAI},
  pages={3497--3503},
  year={2017}
}