@inproceedings{jiang2016catchtartan,
  title={CatchTartan: Representing and Summarizing Dynamic Multicontextual Behaviors},
  author={Jiang, Meng and Faloutsos, Christos and Han, Jiawei},
  booktitle={Proceedings of the 22rd ACM SIGKDD international conference on Knowledge discovery and data mining},
  year={2016},
  organization={ACM}
}
