@inproceedings{jiang2015general,
  title={A general suspiciousness metric for dense blocks in multimodal data},
  author={Jiang, Meng and Beutel, Alex and Cui, Peng and Hooi, Bryan and Yang, Shiqiang and Faloutsos, Christos},
  booktitle={Data Mining (ICDM), 2015 IEEE 15th International Conference on},
  year={2015},
  organization={IEEE}
}
