@inproceedings{wang2019novel,
  title={A novel unsupervised approach for precise temporal slot filling from incomplete and noisy temporal contexts},
  author={Wang, Xueying and Zhang, Haiqiao and Li, Qi and Shi, Yiyu and Jiang, Meng},
  booktitle={The World Wide Web Conference},
  pages={3328--3334},
  year={2019}
}