@article{zhou2019artificial,
  title={Artificial intelligence based smart energy community management: A reinforcement learning approach},
  author={Zhou, Suyang and Hu, Zijian and Gu, Wei and Jiang, Meng and Zhang, Xiao-Ping},
  journal={CSEE Journal of Power and Energy Systems},
  volume={5},
  number={1},
  pages={1--10},
  year={2019},
  publisher={CSEE}
}
