@inproceedings{jiang2020improving,
  title={Improving situational awareness with collective artificial intelligence over knowledge graphs},
  author={Jiang, Meng},
  booktitle={Artificial Intelligence and Machine Learning for Multi-Domain Operations Applications II},
  volume={11413},
  pages={114130J},
  year={2020},
  organization={International Society for Optics and Photonics}
}