@article{jiang2020phrase,
  title={Phrase-level pairwise topic modeling to uncover helpful peer responses to online suicidal crises},
  author={Jiang, Meng and Ammerman, Brooke A and Zeng, Qingkai and Jacobucci, Ross and Brodersen, Alex},
  journal={Humanities and Social Sciences Communications},
  volume={7},
  number={1},
  pages={1--13},
  year={2020},
  publisher={Palgrave}
}
