@article{liu2012mining,
  title={Mining diversity on social media networks},
  author={Liu, Lu and Zhu, Feida and Jiang, Meng and Han, Jiawei and Sun, Lifeng and Yang, Shiqiang},
  journal={Multimedia Tools and Applications},
  volume={56},
  number={1},
  pages={179--205},
  year={2012},
  publisher={Springer}
}
