@inproceedings{jiang2014catchsync,
  title={CatchSync: catching synchronized behavior in large directed graphs},
  author={Jiang, Meng and Cui, Peng and Beutel, Alex and Faloutsos, Christos and Yang, Shiqiang},
  booktitle={Proceedings of the 20th ACM SIGKDD international conference on Knowledge discovery and data mining},
  pages={941--950},
  year={2014},
  organization={ACM}
}