@article{jiang2015social,
  title={Social Recommendation with Cross-Domain Transferable Knowledge},
  author={Jiang, Meng and Cui, Peng and Chen, Xumin and Wang, Fei and Zhu, Wenwu and Yang, Shiqiang},
  journal={Knowledge and Data Engineering, IEEE Transactions on},
  year={2015}
}
