@article{jiang2020biomedical,
  title={Biomedical Knowledge Graphs Construction from Conditional Statements},
  author={Jiang, Tianwen and Zeng, Qingkai and Zhao, Tong and Qin, Bing and Liu, Ting and Chawla, Nitesh and Jiang, Meng},
  journal={IEEE/ACM Transactions on Computational Biology and Bioinformatics},
  year={2020},
  publisher={IEEE}
}
