@inproceedings{jiang2016little,
  title={Little is Much: Bridging Cross-Platform Behaviors through Overlapped Crowds},
  author={Jiang, Meng and Cui, Peng and Yuan, Nicholas Jing and Xie, Xing and Yang, Shiqiang},
  booktitle={Proceedings of the 30th AAAI Conference on Artificial Intelligence},
  year={2016},
  organization={AAAI}
}
