@inproceedings{ding2018optimizing,
  title={Optimizing Boiler Control in Real-Time with Machine Learning for Sustainability},
  author={Ding, Yukun and Liu, Jinglan and Xiong, Jinjun and Jiang, Meng and Shi, Yiyu},
  booktitle={Proceedings of the 27th ACM International Conference on Information and Knowledge Management},
  pages={2147--2154},
  year={2018}
}