@article{jiang2016inferring,
  title={Inferring lockstep behavior from connectivity pattern in large graphs},
  author={Jiang, Meng and Cui, Peng and Beutel, Alex and Faloutsos, Christos and Yang, Shiqiang},
  journal={Knowledge and Information Systems},
  year={2016},
  publisher={Springer}
}
