@inproceedings{kuang2017estimating,
  title={Estimating treatment effect in the wild via differentiated confounder balancing},
  author={Kuang, Kun and Cui, Peng and Li, Bo and Jiang, Meng and Yang, Shiqiang},
  booktitle={Proceedings of the 23rd ACM SIGKDD International Conference on Knowledge Discovery and Data Mining},
  pages={265--274},
  year={2017}
}