@article{kuang2017effective,
  title={Effective promotional strategies selection in social media: A data-driven approach},
  author={Kuang, Kun and Jiang, Meng and Cui, Peng and Luo, Hengliang and Yang, Shiqiang},
  journal={IEEE Transactions on Big Data},
  volume={4},
  number={4},
  pages={487--501},
  year={2017},
  publisher={IEEE}
}
