@article{zhou2020combined,
  title={Combined heat and power system intelligent economic dispatch: A deep reinforcement learning approach},
  author={Zhou, Suyang and Hu, Zijian and Gu, Wei and Jiang, Meng and Chen, Meng and Hong, Qiteng and Booth, Campbell},
  journal={International Journal of Electrical Power \& Energy Systems},
  volume={120},
  pages={106016},
  year={2020},
  publisher={Elsevier}
}
