@inproceedings{jiang2019role,
  title={The Role of" Condition" A Novel Scientific Knowledge Graph Representation and Construction Model},
  author={Jiang, Tianwen and Zhao, Tong and Qin, Bing and Liu, Ting and Chawla, Nitesh V and Jiang, Meng},
  booktitle={Proceedings of the 25th ACM SIGKDD International Conference on Knowledge Discovery \& Data Mining},
  pages={1634--1642},
  year={2019}
}