@article{zhou2019integrated,
  title={An Integrated Energy System Operating Scenarios Generator Based on Generative Adversarial Network},
  author={Zhou, Suyang and Hu, Zijian and Zhong, Zhi and He, Di and Jiang, Meng},
  journal={Sustainability},
  volume={11},
  number={23},
  pages={6699},
  year={2019},
  publisher={Multidisciplinary Digital Publishing Institute}
}
