@inproceedings{jiang2014detecting,
  title={Detecting suspicious following behavior in multimillion-node social networks},
  author={Jiang, Meng and Cui, Peng and Beutel, Alex and Faloutsos, Christos and Yang, Shiqiang},
  booktitle={Proceedings of the companion publication of the 23rd international conference on World wide web companion},
  pages={305--306},
  year={2014},
  organization={International World Wide Web Conferences Steering Committee}
}