@inproceedings{jiang2015behavioral,
  title={Behavioral modeling in social networks: from micro to macro},
  author={Jiang, Meng and Cui, Peng},
  booktitle={Data Mining (ICDM), 2015 IEEE 15th International Conference on},
  year={2015},
  organization={IEEE}
}
