@article{jiang2016suspicious,
  title={Suspicious behavior detection: current trends and future directions},
  author={Jiang, Meng and Cui, Peng and Faloutsos, Christos},
  journal={Special Issue on Online Behavioral Analysis and Modeling, IEEE Intelligent Systems Magazine},
  year={2016},
  publisher={IEEE}
}
