@inproceedings{zhang2018taxogen,
  title={Taxogen: Unsupervised topic taxonomy construction by adaptive term embedding and clustering},
  author={Zhang, Chao and Tao, Fangbo and Chen, Xiusi and Shen, Jiaming and Jiang, Meng and Sadler, Brian and Vanni, Michelle and Han, Jiawei},
  booktitle={Proceedings of the 24th ACM SIGKDD International Conference on Knowledge Discovery \& Data Mining},
  pages={2701--2709},
  year={2018}
}