@article{liu2020binarizing,
  title={Binarizing Weights Wisely for Edge Intelligence: Guide for Partial Binarization of Deconvolution-Based Generators},
  author={Liu, Jinglan and Zhang, Jiaxin and Ding, Yukun and Xu, Xiaowei and Jiang, Meng and Shi, Yiyu},
  journal={IEEE Transactions on Computer-Aided Design of Integrated Circuits and Systems},
  year={2020},
  publisher={IEEE}
}
