@inproceedings{jiang2012social,
  title={Social recommendation across multiple relational domains},
  author={Jiang, Meng and Cui, Peng and Wang, Fei and Yang, Qiang and Zhu, Wenwu and Yang, Shiqiang},
  booktitle={Proceedings of the 21st ACM international conference on Information and knowledge management},
  pages={1422--1431},
  year={2012},
  organization={ACM}
}
