@inproceedings{jiang2016strategy,
  title={Catching Social Media Advertisers with Strategy Analysis},
  author={Jiang, Meng},
  booktitle={Proceedings of CyberSafety workshop in ACM international conference on Information and knowledge management},
  year={2016},
  organization={ACM}
}
