@inproceedings{ding2019preserving,
  title={Preserving Composition and Crystal Structures of Chemical Compounds in Atomic Embedding},
  author={Ding, Yifan and Wang, Daheng and Weninger, Tim and Jiang, Meng},
  booktitle={2019 IEEE International Conference on Big Data (Big Data)},
  pages={6037--6039},
  year={2019},
  organization={IEEE}
}