@inproceedings{jiang2015general,
  title={A General Suspiciousness Metric for Dense Blocks in Multimodal Data},
  author={Jiang, Meng and Beutel, Alex and Cui, Peng and Hooi, Bryan and Yang, Shiqiang and Faloutsos, Christos},
  booktitle={Data Mining (ICDM), IEEE International Conference on},
  year={2015}
}
