@inproceedings{wang2019tube,
  title={Tube: Embedding behavior outcomes for predicting success},
  author={Wang, Daheng and Jiang, Tianwen and Chawla, Nitesh V and Jiang, Meng},
  booktitle={Proceedings of the 25th ACM SIGKDD International Conference on Knowledge Discovery \& Data Mining},
  pages={1682--1690},
  year={2019}
}