@article{jiang2015social,
  title={Social recommendation with cross-domain transferable knowledge},
  author={Jiang, Meng and Cui, Peng and Chen, Xumin and Wang, Fei and Zhu, Wenwu and Shiqiang, Yang},
  journal={Knowledge and Data Engineering, IEEE Transactions on},
  volume={27},
  number={11},
  pages={3084--3097},
  year={2015},
  publisher={IEEE}
}
