@article{jiang2014scalable,
  title={Scalable Recommendation with Social Contextual Information},
  author={Jiang, Meng and Cui, Peng and Wang, Fei and Zhu, Wenwu and Shiqiang, Yang},
  journal={Knowledge and Data Engineering, IEEE Transactions on},
  volume={26},
  number={11},
  pages={2789--2802},
  year={2014},
  publisher={IEEE}
}
