@inproceedings{jiang2019multi,
  title={Multi-Input Multi-Output Sequence Labeling for Joint Extraction of Fact and Condition Tuples from Scientific Text},
  author={Jiang, Tianwen and Zhao, Tong and Qin, Bing and Liu, Ting and Chawla, Nitesh and Jiang, Meng},
  booktitle={Proceedings of the 2019 Conference on Empirical Methods in Natural Language Processing and the 9th International Joint Conference on Natural Language Processing (EMNLP-IJCNLP)},
  pages={302--312},
  year={2019}
}