@inproceedings{yu2020experimental,
  title={Experimental Evidence Extraction System in Data Science with Hybrid Table Features and Ensemble Learning},
  author={Yu, Wenhao and Peng, Wei and Shu, Yu and Zeng, Qingkai and Jiang, Meng},
  booktitle={Proceedings of The Web Conference 2020},
  pages={951--961},
  year={2020}
}