@article{shang2018automated,
  title={Automated phrase mining from massive text corpora},
  author={Shang, Jingbo and Liu, Jialu and Jiang, Meng and Ren, Xiang and Voss, Clare R and Han, Jiawei},
  journal={IEEE Transactions on Knowledge and Data Engineering},
  volume={30},
  number={10},
  pages={1825--1837},
  year={2018},
  publisher={IEEE}
}
