@article{jiang2015inferring,
  title={Inferring lockstep behavior from connectivity pattern in large graphs},
  author={Jiang, Meng and Cui, Peng and Beutel, Alex and Faloutsos, Christos and Yang, Shiqiang},
  journal={Knowledge and Information Systems},
  year={2015},
  pages={1-30},
  issn={0219-1377},
  publisher={Springer London}
}
