@inproceedings{wang2018multi,
  title={Multi-type itemset embedding for learning behavior success},
  author={Wang, Daheng and Jiang, Meng and Zeng, Qingkai and Eberhart, Zachary and Chawla, Nitesh V},
  booktitle={Proceedings of the 24th ACM SIGKDD International Conference on Knowledge Discovery \& Data Mining},
  pages={2397--2406},
  year={2018}
}