@article{gui2017embedding,
  title={Embedding learning with events in heterogeneous information networks},
  author={Gui, Huan and Liu, Jialu and Tao, Fangbo and Jiang, Meng and Norick, Brandon and Kaplan, Lance and Han, Jiawei},
  journal={IEEE transactions on knowledge and data engineering},
  volume={29},
  number={11},
  pages={2428--2441},
  year={2017},
  publisher={IEEE}
}
