@incollection{jiang2014inferring,
  title={Inferring Strange Behavior from Connectivity Pattern in Social Networks},
  author={Jiang, Meng and Cui, Peng and Beutel, Alex and Faloutsos, Christos and Yang, Shiqiang},
  booktitle={Advances in Knowledge Discovery and Data Mining},
  pages={126--138},
  year={2014},
  publisher={Springer}
}