@inproceedings{jiang2014fema,
  title={FEMA: flexible evolutionary multi-faceted analysis for dynamic behavioral pattern discovery},
  author={Jiang, Meng and Cui, Peng and Wang, Fei and Xu, Xinran and Zhu, Wenwu and Yang, Shiqiang},
  booktitle={Proceedings of the 20th ACM SIGKDD international conference on Knowledge discovery and data mining},
  pages={1186--1195},
  year={2014},
  organization={ACM}
}