@inproceedings{jiang2012contextual,
  title={Social contextual recommendation},
  author={Jiang, Meng and Cui, Peng and Liu, Rui and Yang, Qiang and Wang, Fei and Zhu, Wenwu and Yang, Shiqiang},
  booktitle={Proceedings of the 21st ACM international conference on Information and knowledge management (CIKM)},
  pages={45--54},
  year={2012},
  organization={ACM}
}
