@article{kuang2019treatment,
  title={Treatment Effect Estimation via Differentiated Confounder Balancing and Regression},
  author={Kuang, Kun and Cui, Peng and Li, Bo and Jiang, Meng and Wang, Yashen and Wu, Fei and Yang, Shiqiang},
  journal={ACM Transactions on Knowledge Discovery from Data (TKDD)},
  volume={14},
  number={1},
  pages={1--25},
  year={2019},
  publisher={ACM New York, NY, USA}
}
