@inproceedings{jiang2017metapad,
  title={MetaPAD: Meta Pattern Discovery from Massive Text Corpora},
  author={Jiang, Meng and Shang, Jingbo and Cassidy, Taylor and Ren, Xiang and Kaplan, Lance M and Hanratty, Timothy P and Han, Jiawei},
  booktitle={Proceedings of the 23rd ACM SIGKDD Conference on Knowledge Discovery and Data Mining (KDD)},
  year={2017},
  organization={ACM}
}
