@article{shang2017dppred,
  title={Dppred: An effective prediction framework with concise discriminative patterns},
  author={Shang, Jingbo and Jiang, Meng and Tong, Wenzhu and Xiao, Jinfeng and Peng, Jian and Han, Jiawei},
  journal={IEEE transactions on knowledge and data engineering},
  volume={30},
  number={7},
  pages={1226--1239},
  year={2017},
  publisher={IEEE}
}
