@article{wang2020precise,
  title={Precise temporal slot filling via truth finding with data-driven commonsense},
  author={Wang, Xueying and Jiang, Meng},
  journal={Knowledge and Information Systems},
  pages={1--27},
  year={2020},
  publisher={Springer}
}
