@inproceedings{yu2019tablepedia,
  title={Tablepedia: Automating pdf table reading in an experimental evidence exploration and analytic system},
  author={Yu, Wenhao and Li, Zongze and Zeng, Qingkai and Jiang, Meng},
  booktitle={The World Wide Web Conference},
  pages={3615--3619},
  year={2019}
}