@inproceedings{gui2016large,
  title={Large-scale embedding learning in heterogeneous event eata},
  author={Gui, Huan and Liu, Jialu and Tao, Fangbo and Jiang, Meng and Norick, Brandon and Han, Jiawei},
  booktitle={Data Mining (ICDM), 2016 IEEE 16th International Conference on},
  year={2016},
  organization={IEEE}
}
