@inproceedings{kuang2016steering,
  title={Steering social media promotions with effective strategies},
  author={Kuang, Kun and Jiang, Meng and Cui, Peng and Yang, Shiqiang},
  booktitle={Data Mining (ICDM), 2016 IEEE 16th International Conference on},
  year={2016},
  organization={IEEE}
}
