@article{jiang2015catching,
  title={Catching Synchronized Behaviors in Large Networks: A Graph Mining Approach},
  author={JIANG, MENG and CUI, PENG and BEUTEL, ALEX and FALOUTSOS, CHRISTOS and YANG, SHIQIANG},
  journal={Knowledge Discovery from Data, ACM Transactions on},
  year={2015}
}
