@inproceedings{jiang2019ctga,
  title={CTGA: Graph-based Biomedical Literature Search},
  author={Jiang, Tianwen and Zhang, Zhihan and Zhao, Tong and Qin, Bing and Liu, Ting and Chawla, Nitesh V and Jiang, Meng},
  booktitle={2019 IEEE International Conference on Bioinformatics and Biomedicine (BIBM)},
  pages={395--400},
  year={2019},
  organization={IEEE}
}