@inproceedings{kuang2017treatment,
  title={Treatment effect estimation with data-driven variable decomposition},
  author={Kuang, Kun and Cui, Peng and Li, Bo and Jiang, Meng and Yang, Shiqiang and Wang, Fei},
  booktitle={Proceedings of the 31st AAAI Conference on Artificial Intelligence},
  year={2017},
  organization={AAAI}
}
